% Encoding: UTF-8

@MastersThesis{CondeGomez2017,
  author    = {Conde Gómez, Sergio},
  title     = {Control de asistencia mediante técnicas NFC},
  school    = {Universidad Politécnica de Madrid},
  year      = {2017},
  file      = {:CondeGomez2017.pdf:PDF},
  keywords  = {rank3},
  publisher = {ETSI\_Informatica},
}

@MastersThesis{Chamorro2014,
  author   = {Garzón Chamorro, Marco Vinicio},
  title    = {Sistema informático con tecnología de identificación por radiofrecuencia RFID para el control de asistencia de estudiantes en los laboratorios de sistemas informáticos de Uniandes Tulcán},
  school   = {Universidad Regional Autónoma de los Andes},
  year     = {2014},
  type     = {{B.S.} thesis},
  file     = {:Chamorro2014.pdf:PDF},
  keywords = {rank1},
}

@MastersThesis{Garcia2014,
  author   = {Grange García, Cristian Eric},
  title    = {Desarrollo de una aplicación android para el control automático de la asistencia a clase},
  school   = {Universidad Autónoma de Madrid},
  year     = {2014},
  type     = {{B.S.} thesis},
  file     = {:Garcia2014.pdf:PDF},
  keywords = {rank1},
}

@MastersThesis{Chulde2014,
  author   = {Chulde, Chulde and Maria, Jose},
  title    = {Estudio, diseño e implementacion de un sistema que use tecnologia nfc para el control de asistencia de los alumnos de la Universidad Israel},
  school   = {Quito: Universidad Israel, 2014},
  year     = {2014},
  type     = {{B.S.} thesis},
  file     = {:Chulde2014.pdf:PDF},
  keywords = {rank1},
}

@Article{Carignano2011,
  author   = {Carignano, MF and Ferreyra, Pablo},
  title    = {Tecnología inalámbrica Near Field Communication y sus aplicaciones en sistemas embebidos},
  journal  = {Recuperado del},
  year     = {2011},
  volume   = {29},
  file     = {:Carignano2011.pdf:PDF},
  keywords = {rank2},
}

@Misc{BuenoDelgado2011,
  author    = {Bueno Delgado, María Víctoria and Pavn Mariño, Pablo and Gea García, Alfonso de and others},
  title     = {La tecnología NFC y sus aplicaciones en un entorno universitario},
  year      = {2011},
  publisher = {Universidad Politécnica de Cartagena. Escuela Técnica Superior de Ingeniería de Telecomunicación.},
}

@InProceedings{Urien2014,
  author    = {Pascal Urien},
  title     = {Cloud of secure elements: An infrastructure for the trust of mobile {NFC} services},
  booktitle = {2014 {IEEE} 10th International Conference on Wireless and Mobile Computing, Networking and Communications ({WiMob})},
  year      = {2014},
  month     = {oct},
  publisher = {{IEEE}},
  doi       = {10.1109/wimob.2014.6962173},
  file      = {:Urien2014.pdf:PDF},
  keywords  = {rank2},
}

@InProceedings{Urien2013,
  author    = {P. Urien and S. Piramuthu},
  title     = {Framework and authentication protocols for smartphone, {NFC}, and {RFID} in retail transactions},
  booktitle = {2013 {IEEE} Eighth International Conference on Intelligent Sensors, Sensor Networks and Information Processing},
  year      = {2013},
  month     = {apr},
  publisher = {{IEEE}},
  doi       = {10.1109/issnip.2013.6529768},
  file      = {:Urien2013.pdf:PDF},
  keywords  = {rank3},
}

@InProceedings{Benyo2009,
  author    = {B. Benyo and A. Vilmos and G. Fordos and B. Sodor and L. Kovacs},
  title     = {The {StoLPan} view of the {NFC} ecosystem},
  booktitle = {2009 Wireless Telecommunications Symposium},
  year      = {2009},
  month     = {may},
  publisher = {{IEEE}},
  doi       = {10.1109/wts.2009.5068969},
  file      = {:Benyo2009.pdf:PDF},
  keywords  = {rank2},
}

@InProceedings{Benyo2007,
  author    = {B. Benyo and A. Vilmos and K. Kovacs and L. Kutor},
  title     = {{NFC} Applications and Business Model of the Ecosystem},
  booktitle = {2007 16th {IST} Mobile and Wireless Communications Summit},
  year      = {2007},
  month     = {jul},
  publisher = {{IEEE}},
  doi       = {10.1109/istmwc.2007.4299324},
  file      = {:Benyo2007.pdf:PDF},
  keywords  = {rank1},
}

@InProceedings{Kefalakis2008,
  author    = {Nikos Kefalakis and Nektarios Leontiadis and John Soldatos and Kiev Gama and Didier Donsez},
  title     = {Supply chain management and {NFC} picking demonstrations using the {AspireRfid} middleware platform},
  booktitle = {Proceedings of the {ACM}/{IFIP}/{USENIX} international middleware conference companion on Middleware {\textquotesingle}08 Companion - Companion {\textquotesingle}08},
  year      = {2008},
  publisher = {{ACM} Press},
  doi       = {10.1145/1462735.1462751},
  file      = {:Kefalakis2008.pdf:PDF},
  keywords  = {rank1},
}

@InProceedings{Steffen2010,
  author    = {Rainer Steffen and Jörg Prei{\ss}inger and Tobias Schöllermann and Armin Müller and Ingo Schnabel},
  title     = {Near Field Communication ({NFC}) in an Automotive Environment},
  booktitle = {2010 Second International Workshop on Near Field Communication},
  year      = {2010},
  publisher = {{IEEE}},
  doi       = {10.1109/nfc.2010.11},
  file      = {:Steffen2010.pdf:PDF},
  keywords  = {rank1},
}

@InProceedings{Miraz2009,
  author    = {Guillermo Matas Miraz and Irene Luque Ruiz and Miguel Angel Gomez-Nieto},
  title     = {How {NFC} Can Be Used for the Compliance of European Higher Education Area Guidelines in European Universities},
  booktitle = {2009 First International Workshop on Near Field Communication},
  year      = {2009},
  month     = {feb},
  publisher = {{IEEE}},
  doi       = {10.1109/nfc.2009.9},
  file      = {:Miraz2009.pdf:PDF},
  keywords  = {rank2},
}

@Article{McHugh2014,
  author    = {McHugh, Sheli and Yarmey, Kristen},
  title     = {Near field communication: Recent developments and library implications},
  journal   = {Synthesis Lectures on Emerging Trends in Librarianship},
  year      = {2014},
  volume    = {1},
  number    = {1},
  pages     = {1--93},
  file      = {:McHugh2014.pdf:PDF},
  keywords  = {rank3},
  publisher = {Morgan \& Claypool Publishers},
}

@Article{Fernandez2013,
  author    = {Fernández, Marcos J López and Fernández, Jorge Guzón and Aguilar, Sergio Ríos and Selvi, Blanca Salazar and Crespo, Rubén González},
  title     = {Control of attendance applied in higher education through mobile NFC technologies},
  journal   = {Expert systems with applications},
  year      = {2013},
  volume    = {40},
  number    = {11},
  pages     = {4478--4489},
  file      = {:Fernandez2013.pdf:PDF},
  keywords  = {rank1},
  publisher = {Elsevier},
}

@InProceedings{Anwar2013,
  author       = {Anwar, Waqar and Lindskog, Dale and Zavarsky, Pavol and Ruhl, Ron},
  title        = {Redesigning secure element access control for NFC enabled Android smartphones using mobile trusted computing},
  booktitle    = {Information Society (i-Society), 2013 International Conference on},
  year         = {2013},
  pages        = {27--34},
  organization = {IEEE},
}

@InProceedings{Cheng2009,
  author       = {Cheng, Hsu-Chen and Chen, Jen-Wel and Chi, Tain-Yow and Chen, Pin-Hung},
  title        = {A generic model for NFC-based mobile commerce},
  booktitle    = {Advanced Communication Technology, 2009. ICACT 2009. 11th International Conference on},
  year         = {2009},
  volume       = {3},
  organization = {IEEE},
}

@Article{Chavarria2011,
  author   = {Chavarría, D},
  title    = {Tecnologia de comunicación de campo cercano (NFC) y sus aplicaciones},
  journal  = {Recuperado el},
  year     = {2011},
  volume   = {28},
  file     = {:pb2011_012.pdf:PDF},
  keywords = {rank2},
}

@Article{FernandezRuiz2014,
  author    = {Fernández Ruiz, Jesús},
  title     = {La tecnología NFC se acerca a la biblioteca},
  journal   = {Revista de Unidades de Información},
  year      = {2014},
  file      = {:FernandezRuiz2014.pdf:PDF},
  keywords  = {rank1},
  publisher = {Universidad de Castilla-La Mancha},
}

@Article{Lopez2014,
  author   = {L{\'o}pez, Alberto Acosta and González, Dago José Manzano and Morales, Carlos Martínez and Fajardo, Iván Ponce},
  title    = {Diseño e implementación de un prototipo para el registro y verificación de activos fijos utilizando plataforma Android y tecnología NFC},
  journal  = {Redes de Ingenier{\'\i}a},
  year     = {2014},
  volume   = {5},
  number   = {1},
  pages    = {26--33},
  file     = {:Lopez2014.pdf:PDF},
  keywords = {rank4},
}

@MastersThesis{VicenteGarcia2011,
  author   = {Vicente Garc{\'\i}a, Elena},
  title    = {Desarrollo de una aplicaci{\'o}n de control de acceso y sistemas de identificaci{\'o}n mediante la tecnolog{\'\i}a NFC},
  school   = {Universidad Carlos III de Madrid},
  year     = {2011},
  type     = {{B.S.} thesis},
  file     = {:VicenteGarcia2011.pdf:PDF},
  keywords = {rank1},
}

@MastersThesis{Cherrez2010,
  author    = {Veloz Chérrez, Diego Fernando},
  title     = {Diseño e implementación de un prototipo para control de acceso de personas aplicando la tecnología NFC por medio del uso de teléfonos celulares compatibles con esta tecnología},
  school    = {Quito, 2010},
  year      = {2010},
  file      = {:Cherrez2010.pdf:PDF},
  keywords  = {rank3},
  publisher = {QUITO/EPN/2010},
}

@Article{Anaya2015,
  author   = {Anaya, Alejandra and López, Ignacio and Romero, Celia and Olivares, Beatriz and Mu{\~n}oz, Hilari{\'o}n},
  title    = {Arquitectura de Referencia Para Aplicaciones con Tecnología NFC Basadas en Android},
  journal  = {Avances en Tecnologías de Informaci{\'o}n},
  year     = {2015},
  pages    = {45},
  file     = {:Anaya2015.pdf:PDF},
  keywords = {rank3},
}

@MastersThesis{Antonio2016,
  author   = {Albaniña Martínez Antonio},
  title    = {Desarrollo de una guía para la implementación de aplicaciones basadas en NFC},
  school   = {Universidad Politécnica de Valencia},
  year     = {2016},
  file     = {:Antonio2016.pdf:PDF},
  keywords = {rank2},
}

@InProceedings{Wister2015,
  author    = {Miguel A. Wister and Pablo Pancardo and Francisco D. Acosta and J.A. Hernandez-Nolasco and Eddy Sanchez-Delacruz},
  title     = {Experiences with {RFID} Technology to Manage Information during Natural Disasters},
  booktitle = {2015 9th International Conference on Innovative Mobile and Internet Services in Ubiquitous Computing},
  year      = {2015},
  month     = {jul},
  publisher = {{IEEE}},
  doi       = {10.1109/imis.2015.57},
  file      = {:Wister2015.pdf:PDF},
  keywords  = {rank5},
}

@MastersThesis{ManzanoUrquizo2016,
  author   = {Manzano Urquizo, Christian El{\'\i}as and Tene Escobar, Edwin Patricio},
  title    = {Desarrollo e Implantación de un Sistema Móvil para evaluación de daños y análisis de necesidades en organizaciones de socorro y atención de desastres},
  school   = {Quito, 2016.},
  year     = {2016},
  file     = {:ManzanoUrquizo2016.pdf:PDF},
  keywords = {rank4},
}

@Misc{HernandezGoya2014,
  author    = {Hern{\'a}ndez Goya, Candelaria and Rivero Garc{\'\i}a, Alexandra and Caballero Gil, Pino},
  title     = {FastTriaje: un asistente para la clasificación de víctimas en situaciones de emergencia con autenticación robusta},
  year      = {2014},
  file      = {:HernandezGoya2014.pdf:PDF},
  keywords  = {rank4},
  publisher = {Universidad de Alicante},
}

@MastersThesis{SOLER2013,
  author   = {SOLER, SALVADOR MORERA},
  title    = {EasyMANET for Android},
  school   = {Universidad Politécnica de Valencia},
  year     = {2013},
  file     = {:SOLER2013.pdf:PDF},
  keywords = {rank1},
}

@InProceedings{Lupu2013,
  author       = {Lupu, Ciprian and Olaru, Vasile and Bivolan, Dorel and Udrea, Andreea},
  title        = {Implementation of a telemedicine system for optimal on site medical response in case of disasters and for emergency situations management},
  booktitle    = {E-Health and Bioengineering Conference (EHB), 2013},
  year         = {2013},
  pages        = {1--4},
  organization = {IEEE},
  file         = {:Lupu2013.pdf:PDF},
  keywords     = {rank5},
}

@MastersThesis{SiddiqiAgudo2011,
  author        = {Siddiqi Agudo, Omar},
  title         = {Aplicación móvil para alertas de emergencia CAP},
  school        = {Universidad Carlos III de Madrid},
  year          = {2011},
  __markedentry = {[Franco:5]},
}

@Article{Ma2017,
  author    = {Yanna Ma},
  title     = {{NFC} Communications-based Mutual Authentication Scheme for the Internet of Things},
  journal   = {I. J. Network Security},
  year      = {2017},
  volume    = {19},
  number    = {4},
  pages     = {631--638},
  bibdate   = {2017-03-02},
  bibsource = {DBLP, http://dblp.uni-trier.de/db/journals/ijnsec/ijnsec19.html#Ma17},
  file      = {:Ma2017.pdf:PDF},
  keywords  = {rank1},
  url       = {http://ijns.femto.com.tw/contents/ijns-v19-n4/ijns-2017-v19-n4-p631-638.pdf},
}

@Article{Gamage2015,
  author   = {Gamage, Madira N and Colombo, Srilanka},
  title    = {Adaptation of Near Field Communication (NFC) Technology to Enhance the Operational Efficiency and Performance of Pre-departure Operations of Airlinesi},
  journal  = {Journal of Electronic Systems Volume},
  year     = {2015},
  volume   = {5},
  number   = {1},
  pages    = {23},
  file     = {:Gamage2015.pdf:PDF},
  keywords = {rank1},
}

@Article{Al-Akkad,
  author   = {Al-Akkad, Amro},
  title    = {Working around disruptions of network infrastructures-Design and evaluation of mobile ad-hoc systems for resilient communication in disasters},
  year = {2015},
  file     = {:Al-Akkad.pdf:PDF},
  keywords = {rank2},
}

@Article{Bhingardive2016,
  author   = {Bhingardive, Shradha and Dhole, Mrs NV},
  title    = {Emerging Technologies in Communication},
  journal  = {International Research Journal of Engineering and Technology},
  year     = {2016},
  file     = {:Bhingardive2016.pdf:PDF},
  keywords = {rank2},
}

@InCollection{Sahib2015,
  author    = {Sahib, Ummer},
  title     = {M-Governance: smartphone applications for smarter cities—tapping GPS and NFC technologies},
  booktitle = {E-Governance for Smart Cities},
  publisher = {Springer},
  year      = {2015},
  pages     = {245--306},
}

@InProceedings{Cata2015,
  author       = {Ca{\c{t}}{\u{a}}, Marian},
  title        = {Smart university, a new concept in the Internet of Things},
  booktitle    = {RoEduNet International Conference-Networking in Education and Research (RoEduNet NER), 2015 14th},
  year         = {2015},
  pages        = {195--197},
  organization = {IEEE},
  file         = {:Cata2015.pdf:PDF},
  keywords     = {rank1},
}

@Misc{oai:www.recercat.cat:2072/222525,
  author        = {H{\'e}ctor L{\'o}pez Pujol},
  title         = {Control de marcatges {NFC}/{RFID}},
  __markedentry = {[Franco:5]},
  annote        = {Universitat Oberta de Catalunya},
  bibsource     = {OAI-PMH server at oai.recercat.net},
  description   = {L'objectiu d'aquest projecte {\'e}s desenvolupar una eina de gesti{\'o} d'horaris, creaci{\'o} d'un lector sense fil amb la tecnologia NFC i realitzar-ho tot amb el pressupost m{\'e}s baix possible.; El objetivo de este proyecto es desarrollar una herramienta de gesti{\'o}n de horarios, creaci{\'o}n de un lector inal{\'a}mbrico con la tecnolog{\'i}a NFC y realizar todo con el presupuesto m{\'a}s bajo posible.},
  language      = {cat},
  oai           = {oai:www.recercat.cat:2072/222525},
  publisher     = {Universitat Oberta de Catalunya},
  rights        = {<a href={"}http://creativecommons.org/licenses/by-nc-nd/3.0/es/{"}>http://creativecommons.org/licenses/by-nc-nd/3.0/es/</a>;},
  subject       = {NFC; NFC; NFC; RFID; Raspberry Pi; RFID; RFID; Raspberry Pi; Raspberry Pi; Application software -- Development -- TFC; Programari d'aplicaci{\'o} -- Desenvolupament -- TFC; Software de aplicaci{\'o}n -- Desarrollo -- TFC},
  type          = {Bachelor thesis},
  url           = {http://hdl.handle.net/10609/28502},
}

@InProceedings{Mantoro2010,
  author    = {Teddy Mantoro and Admir Milisic},
  title     = {Smart card authentication for Internet applications using {NFC} enabled phone},
  booktitle = {Proceeding of the 3rd International Conference on Information and Communication Technology for the Moslem World ({ICT}4M) 2010},
  year      = {2010},
  month     = {dec},
  publisher = {{IEEE}},
  doi       = {10.1109/ict4m.2010.5971895},
  file      = {:Mantoro2010.pdf:PDF},
  keywords  = {rank3},
}

@InProceedings{Zhou2016,
  author       = {Zhou, Chuan-hong and Qiao, Dun and Zhang, Yi and Bai, Wu-xia and Dai, Chao and Shuai, Pu-jia},
  title        = {Study on application of mobile phone NFC technology in ERP system},
  booktitle    = {Control Conference (CCC), 2016 35th Chinese},
  year         = {2016},
  pages        = {9535--9538},
  organization = {IEEE},
  file         = {:zhou2016.pdf:PDF},
  keywords     = {rank2},
}

@InProceedings{Urien2015,
  author       = {Urien, Pascal},
  title        = {New direction for open NFC trusted mobile applications: The MOBISIM project},
  booktitle    = {Communications and Network Security (CNS), 2015 IEEE Conference on},
  year         = {2015},
  pages        = {711--712},
  organization = {IEEE},
  file         = {:Urien2015.pdf:PDF},
  keywords     = {rank1},
}

@InProceedings{Ramanathan2013,
  author       = {Ramanathan, Ramakrishnan and Imtiaz, Jahanzaib},
  title        = {NFC in industrial applications for monitoring plant information},
  booktitle    = {Computing, Communications and Networking Technologies (ICCCNT), 2013 Fourth International Conference on},
  year         = {2013},
  pages        = {1--4},
  organization = {IEEE},
  file         = {:Ramanathan2013.pdf:PDF},
  keywords     = {rank3},
}

@InProceedings{Francis2010,
  author    = {Lishoy Francis and Gerhard Hancke and Keith Mayes and Konstantinos Markantonakis},
  title     = {A Security Framework Model with Communication Protocol Translator Interface for Enhancing {NFC} Transactions},
  booktitle = {2010 Sixth Advanced International Conference on Telecommunications},
  year      = {2010},
  publisher = {{IEEE}},
  doi       = {10.1109/aict.2010.52},
  file      = {:Francis2010.pdf:PDF},
  keywords  = {rank2},
}

@Electronic{CruzRoja,
  author = {{Cruz Roja}},
  year   = {2013},
  title  = {Manual Nacional para el manejo de albergues temporales},
}

@Article{Wister2013,
  author   = {Wister, MA and Acosta, Francisco and Pancardo, Pablo and Hernandez-Nolasco, Jose A},
  title    = {Towards An Intelligent Environment for Urban Flood Rescue Scenarios},
  journal  = {International Journal of Engineering Research and Applications (IJERA)},
  year     = {2013},
  pages    = {1040--1044},
  file     = {:Wister2013.pdf:PDF},
  keywords = {rank3},
}

  @MISC{SINPA,
  title = {\textit{Emergencia por impacto del Fenómeno “El Niño Costero” – Perú, 2017}},
  howpublished = {\texttt{http://www.paho.org/per/index.php?option=com_joomlabook&view=topic&id=354},visitado en 12 de mayo del 2017},
  }

}@MISC{NFC1,
  author = {{NFC Forum}},
  title = {http://nfc-forum.org/what-is-nfc/, visitado el 24 de Abril del 2017}
}

@MISC{NFC2,
  author = {{NFC Forum}},
  title = {http://nfc-forum.org/three-questions-with-juergen-boehler-nfc-forum-technical-committee-chair-about-the-isoiec-14443-analog-parameter-comparison-and-alignment-white-paper/, visitado en 24 de Abril del 2017}
}

@MISC{NFC3,
  author = {{NFC Forum}},
  title = {http://nfc-forum.org/newsroom/nfc-forum-releases-spec-supporting-use-of-iso-15693-tags/, visitado el 24 de Abril del 2017}
}

@MISC{ECMA,
  author = {{ECMA}},
  title = {https://www.ecma-international.org/publications/files/ECMA-ST/Ecma-340.pdf, Junio de 2013}
}

@MISC{parte1,
  author = {{I.JTC I/SC 17}},
  title = {Identication cards - contacless integrated circuit cards - pro-ximity cards - part 1 : Physical characteristics},
  year = {2016},
}

@MISC{parte2,
  author = {{I.JTC I/SC 17}},
  title = {Identication cards - contacless integrated circuit cards - pro-ximity cards - part 2 : Physical characteristics},
  year = {2016}
}

@MISC{parte3,
  author = {{I.JTC I/SC 17}},
  title = {Identication cards - contacless integrated circuit cards - pro-ximity cards - part 3 : Physical characteristics},
  year = {2016}
}

@MISC{parte4,
  author = {{I.JTC I/SC 17}},
  title = {Identication cards - contacless integrated circuit cards - pro-ximity cards - part 4 : Physical characteristics},
  year = {2016}
}
@MISC{NFCrango,
author = {{NFC forum}},
title = {http://nfc-forum.org/what-is-nfc/about-the-technology/, visitado en 17 de mayo del 2017}
}

@Book{vargas2002,
  title     = {Políticas públicas para la reducción de la vulnerabilidad frente a los desastres naturales y socio-naturales},
  publisher = {United Nations Publications},
  year      = {2002},
  author    = {Vargas, Jorge Enrique},
  volume    = {50},
}

@Article{romero1993,
  author    = {Romero, Gilberto and Maskrey, Andrew},
  title     = {Cómo entender los desastres naturales},
  journal   = {Los desastres no son naturales},
  year      = {1993},
  pages     = {6--10},
  file      = {:Romero1993.pdf:PDF},
  publisher = {Red de Estudios Sociales en Prevención de Desastres en America Latina},
}
@MISC{Bluetooth,
  author = {{SIG Bluetooth}},
  title = {https://www.bluetooth.com/, Visitado en Setiembre de 2017}
}

@article{garde2016,
  title={Estudio de implantación de sistema de trazabilidad RFID en el proceso productivo de Tasubinsa},
  author={Garde Paniagua, Pablo and others},
  year={2016}
}
@article{pdf2,
  title={Identificación, etiquetado e integración del nuevo fondo bibliotecario del CSIC},
  author = {{Biblioteca Tomás Navarro Tomás - CSIC}},
  year = {2008}
  }
@MISC{Zigbee,
  author = {{Zigbee Alliance}},
  title = {http://www.zigbee.org/what-is-zigbee/, Visitado en Setiembre de 2017}
}
@MISC{NFC2013,
  author = {{ISO}},
  title = {https://www.iso.org/standard/56692.html, Visitado en Setiembre de 2017}
}
@article{grajales2000,
  title={Tipos de investigación},
  author={Grajales, Tevni},
  journal={On line)(27/03/2.000). Revisado el},
  volume={14},
  year={2000}
}
@article{hernandez1991,
  title={Definici{\'o}n del tipo de investigación a realizar: básicamente exploratoria, descriptiva, correlacional o explicativa},
  author={Hernández, R and Fernández, C and Baptista, P},
  journal={Metodología de la investigación. México. Mc Graw-Hill Interamericana Editores},
  pages={57--73},
  year={1991}
}
@article{sabino,
  title={El proceso cle investigación},
  author={Sabino, Carlos A},
  year={1992}
}
@article{lozada2014,
  title={Investigaci{\'o}n aplicada: Definicion, propiedad intelectual e industria},
  author={Lozada, Jos{\'e}},
  journal={Revista CienciAm{\'e}rica},
  volume={3},
  number={1},
  pages={47--50},
  year={2014}
}
@Comment{jabref-meta: databaseType:biblatex;}
